@article{sa2020storing,
  title={Storing Object-Dependent Sparse Codes in a Willshaw Associative Network},
  author={Sa-Couto, Luis and Wichert, Andreas},
  journal={Neural Computation},
  volume={32},
  number={1},
  pages={136--152},
  year={2020},
  publisher={MIT Press}
}

@unpublished{Hawkins-et-al-2016-Book,
   title={Biological and Machine Intelligence (BAMI)},
   author={Hawkins, J. and Ahmad, S. and Purdy, S. and Lavin, A.},
   note={Initial online release 0.4},
   url={https://numenta.com/resources/biological-and-machine-intelligence/},
   year={2016}
}

@book{wichert2020principles,
  title={Principles of Quantum Artificial Intelligence: Quantum Problem Solving and Machine Learning},
  author={Wichert, Andreas Miroslaus},
  year={2020},
  publisher={World scientific}
}

@incollection{PALM1982145,
title = "Chapter XII How Useful are Associative Memories?",
editor = "Luigi Ricciardi and Alwyn Scott",
series = "North-Holland Mathematics Studies",
publisher = "North-Holland",
volume = "58",
pages = "145 - 153",
year = "1982",
booktitle = "Biomathematics in 1980",
issn = "0304-0208",
doi = "https://doi.org/10.1016/S0304-0208(08)71236-2",
url = "http://www.sciencedirect.com/science/article/pii/S0304020808712362",
author = "G. Palm",
}

@book{kohonen2012self,
  title={Self-organization and associative memory},
  author={Kohonen, Teuvo},
  volume={8},
  year={2012},
  chapter={1},
  publisher={Springer Science \& Business Media}
}

@book{hebb2005organization,
  title={The organization of behavior: A neuropsychological theory},
  author={Hebb, Donald Olding},
  year={2005},
  publisher={Psychology Press}
}

@article{palm1980associative,
  title={On associative memory},
  author={Palm, G{\"u}nther},
  journal={Biological cybernetics},
  volume={36},
  number={1},
  pages={19--31},
  year={1980},
  publisher={Springer}
}

@article{hopfield1982neural,
  title={Neural networks and physical systems with emergent collective computational abilities},
  author={Hopfield, John J},
  journal={Proceedings of the national academy of sciences},
  volume={79},
  number={8},
  pages={2554--2558},
  year={1982},
  publisher={National Acad Sciences}
}
@article{anderson1968memory,
  title={A memory storage model utilizing spatial correlation functions},
  author={Anderson, James A},
  journal={Kybernetik},
  volume={5},
  number={3},
  pages={113--119},
  year={1968},
  publisher={Springer}
}

@article{kohonen1972correlation,
  title={Correlation matrix memories},
  author={Kohonen, Teuvo},
  journal={IEEE transactions on computers},
  volume={100},
  number={4},
  pages={353--359},
  year={1972},
  publisher={IEEE}
}

@article{anderson1972simple,
  title={A simple neural network generating an interactive memory},
  author={Anderson, James A},
  journal={Mathematical biosciences},
  volume={14},
  number={3-4},
  pages={197--220},
  year={1972},
  publisher={Elsevier}
}

@article{nakano1972associatron,
  title={Associatron-a model of associative memory},
  author={Nakano, Kaoru},
  journal={IEEE Transactions on Systems, Man, and Cybernetics},
  number={3},
  pages={380--388},
  year={1972},
  publisher={IEEE}
}

@article{kohonen1977principle,
  title={A principle of neural associative memory},
  author={Kohonen, T and Lehti{\"o}, P and Rovamo, J and Hyv{\"a}rinen, J and Bry, K and Vainio, L},
  journal={Neuroscience},
  volume={2},
  number={6},
  pages={1065--1076},
  year={1977},
  publisher={Elsevier}
}

@article{willshaw1969non,
  title={Non-holographic associative memory},
  author={Willshaw, David J and Buneman, O Peter and Longuet-Higgins, Hugh Christopher},
  journal={Nature},
  volume={222},
  number={5197},
  pages={960--962},
  year={1969},
  publisher={Nature Publishing Group}
}

@article{steinbuch1961lernmatrix,
  title={Die lernmatrix},
  author={Steinbuch, Karl},
  journal={Kybernetik},
  volume={1},
  number={1},
  pages={36--45},
  year={1961},
  publisher={Springer}
}
@article{mcculloch1943logical,
  title={A logical calculus of the ideas immanent in nervous activity},
  author={McCulloch, Warren S and Pitts, Walter},
  journal={The bulletin of mathematical biophysics},
  volume={5},
  number={4},
  pages={115--133},
  year={1943},
  publisher={Springer}
}

@book{palm1982neural,
  title={Neural assemblies: An alternative approach to artificial intelligence},
  author={Palm, G{\"u}nther},
  volume={7},
  year={1982},
  publisher={Springer Science \& Business Media}
}

@incollection{steinbuch1965automat,
  title={Automat und mensch},
  author={Steinbuch, Karl},
  booktitle={Automat und Mensch},
  pages={390--411},
  year={1965},
  publisher={Springer}
}

@article {palm1988assoziatives,
  title = {Associative memory and brain theory},
  author = {Palm, G {\ "u} nther},
  journal = {spectrum of science},
  volume = {1988},
  number = {6},
  pages = {54--64},
  year = {1988}
}

@article{lennie2003cost,
  title={The cost of cortical computation},
  author={Lennie, Peter},
  journal={Current biology},
  volume={13},
  number={6},
  pages={493--497},
  year={2003},
  publisher={Elsevier}
}

@article{laughlin2003communication,
  title={Communication in neuronal networks},
  author={Laughlin, Simon B and Sejnowski, Terrence J},
  journal={Science},
  volume={301},
  number={5641},
  pages={1870--1874},
  year={2003},
  publisher={American Association for the Advancement of Science}
}

@article{palm1992information,
  title={On the information storage capacity of local learning rules},
  author={Palm, G{\"u}nther},
  journal={Neural Computation},
  volume={4},
  number={5},
  pages={703--711},
  year={1992},
  publisher={MITP}
}

@article{gunther1997neural,
  title={Neural Associative Memories},
  author={Gunther Palm, FS and Sommer, Friedrich T and Strey, Alfred},
  journal={Associative Processing and Processors},
  pages={307--326},
  year={1997}
}

@incollection{palm1996associative,
  title={Associative data storage and retrieval in neural networks},
  author={Palm, G{\"u}nther and Sommer, Friedrich T},
  booktitle={Models of neural networks III},
  pages={79--118},
  year={1996},
  publisher={Springer}
}

@article{gardner1988space,
  title={The space of interactions in neural network models},
  author={Gardner, Elizabeth},
  journal={Journal of physics A: Mathematical and general},
  volume={21},
  number={1},
  pages={257},
  year={1988},
  publisher={IOP Publishing}
}

@article{lecun1998mnist,
  title={The MNIST database of handwritten digits},
  author={LeCun, Yann},
  journal={http://yann. lecun. com/exdb/mnist/},
  year={1998}
}

@book{hawkins2004intelligence,
  title={On intelligence},
  author={Hawkins, Jeff and Blakeslee, Sandra},
  year={2004},
  publisher={Macmillan}
}

@article{olshausen1996emergence,
  title={Emergence of simple-cell receptive field properties by learning a sparse code for natural images},
  author={Olshausen, Bruno A and Field, David J},
  journal={Nature},
  volume={381},
  number={6583},
  pages={607--609},
  year={1996},
  publisher={Nature Publishing Group}
}

@article{wu2008top,
  title={Top 10 algorithms in data mining},
  author={Wu, Xindong and Kumar, Vipin and Quinlan, J Ross and Ghosh, Joydeep and Yang, Qiang and Motoda, Hiroshi and McLachlan, Geoffrey J and Ng, Angus and Liu, Bing and Philip, S Yu and others},
  journal={Knowledge and information systems},
  volume={14},
  number={1},
  pages={1--37},
  year={2008},
  publisher={Springer}
}

@article{lloyd1982least,
  title={Least squares quantization in PCM},
  author={Lloyd, Stuart},
  journal={IEEE transactions on information theory},
  volume={28},
  number={2},
  pages={129--137},
  year={1982},
  publisher={IEEE}
}

@article{lecun1995convolutional,
  title={Convolutional networks for images, speech, and time series},
  author={LeCun, Yann and Bengio, Yoshua and others},
  journal={The handbook of brain theory and neural networks},
  volume={3361},
  number={10},
  pages={1995},
  year={1995}
}

@article{chafee2007representing,
  title={Representing spatial relationships in posterior parietal cortex: single neurons code object-referenced position},
  author={Chafee, Matthew V and Averbeck, Bruno B and Crowe, David A},
  journal={Cerebral Cortex},
  volume={17},
  number={12},
  pages={2914--2932},
  year={2007},
  publisher={Oxford University Press}
}

@article{chollet2016building,
  title={Building autoencoders in keras},
  author={Chollet, Francois},
  journal={The Keras Blog},
  volume={14},
  year={2016}
}
@inproceedings{hinton1988learning,
  title={Learning representations by recirculation},
  author={Hinton, Geoffrey E and McClelland, James L},
  booktitle={Neural information processing systems},
  volume={1987},
  pages={358--366},
  year={1988}
}

@book{bengio2017deep,
  title={Deep learning},
  author={Bengio, Yoshua and Goodfellow, Ian and Courville, Aaron},
  volume={1},
  year={2017},
  publisher={MIT press Massachusetts, USA:}
}

@article{kramer1991nonlinear,
  title={Nonlinear principal component analysis using autoassociative neural networks},
  author={Kramer, Mark A},
  journal={AIChE journal},
  volume={37},
  number={2},
  pages={233--243},
  year={1991},
  publisher={Wiley Online Library}
}

@article{vincent2010stacked,
  title={Stacked denoising autoencoders: Learning useful representations in a deep network with a local denoising criterion.},
  author={Vincent, Pascal and Larochelle, Hugo and Lajoie, Isabelle and Bengio, Yoshua and Manzagol, Pierre-Antoine and Bottou, L{\'e}on},
  journal={Journal of machine learning research},
  volume={11},
  number={12},
  year={2010}
}

@article{kingma2013auto,
  title={Auto-encoding variational bayes},
  author={Kingma, Diederik P and Welling, Max},
  journal={arXiv preprint arXiv:1312.6114},
  year={2013}
}

@inproceedings{cho2013simple,
  title={Simple sparsification improves sparse denoising autoencoders in denoising highly corrupted images},
  author={Cho, Kyunghyun},
  booktitle={International conference on machine learning},
  pages={432--440},
  year={2013},
  organization={PMLR}
}

@article{hinton2006reducing,
  title={Reducing the dimensionality of data with neural networks},
  author={Hinton, Geoffrey E and Salakhutdinov, Ruslan R},
  journal={science},
  volume={313},
  number={5786},
  pages={504--507},
  year={2006},
  publisher={American Association for the Advancement of Science}
}

@inproceedings{sakurada2014anomaly,
  title={Anomaly detection using autoencoders with nonlinear dimensionality reduction},
  author={Sakurada, Mayu and Yairi, Takehisa},
  booktitle={Proceedings of the MLSDA 2014 2nd Workshop on Machine Learning for Sensory Data Analysis},
  pages={4--11},
  year={2014}
}

@article{an2015variational,
  title={Variational autoencoder based anomaly detection using reconstruction probability},
  author={An, Jinwon and Cho, Sungzoon},
  journal={Special Lecture on IE},
  volume={2},
  number={1},
  pages={1--18},
  year={2015}
}

@article{ng2011sparse,
  title={Sparse autoencoder},
  author={Ng, Andrew and others},
  journal={CS294A Lecture notes},
  volume={72},
  number={2011},
  pages={1--19},
  year={2011}
}

@article{kullback1951information,
  title={On information and sufficiency},
  author={Kullback, Solomon and Leibler, Richard A},
  journal={The annals of mathematical statistics},
  volume={22},
  number={1},
  pages={79--86},
  year={1951},
  publisher={JSTOR}
}

@inproceedings{krizhevsky2011using,
  title={Using very deep autoencoders for content-based image retrieval.},
  author={Krizhevsky, Alex and Hinton, Geoffrey E},
  booktitle={ESANN},
  volume={1},
  pages={2},
  year={2011},
  organization={Citeseer}
}

@article{lehman2020surprising,
  title={The surprising creativity of digital evolution: A collection of anecdotes from the evolutionary computation and artificial life research communities},
  author={Lehman, Joel and Clune, Jeff and Misevic, Dusan and Adami, Christoph and Altenberg, Lee and Beaulieu, Julie and Bentley, Peter J and Bernard, Samuel and Beslon, Guillaume and Bryson, David M and others},
  journal={Artificial life},
  volume={26},
  number={2},
  pages={274--306},
  year={2020},
  publisher={MIT Press}
}

@article{mnih2015human,
  title={Human-level control through deep reinforcement learning},
  author={Mnih, Volodymyr and Kavukcuoglu, Koray and Silver, David and Rusu, Andrei A and Veness, Joel and Bellemare, Marc G and Graves, Alex and Riedmiller, Martin and Fidjeland, Andreas K and Ostrovski, Georg and others},
  journal={nature},
  volume={518},
  number={7540},
  pages={529--533},
  year={2015},
  publisher={Nature Publishing Group}
}

@incollection{newell2007computer,
  title={Computer science as empirical inquiry: Symbols and search},
  author={Newell, Allen and Simon, Herbert A},
  booktitle={ACM Turing award lectures},
  pages={1975},
  year={2007}
}

@article{campbell2002deep,
  title={Deep blue},
  author={Campbell, Murray and Hoane Jr, A Joseph and Hsu, Feng-hsiung},
  journal={Artificial intelligence},
  volume={134},
  number={1-2},
  pages={57--83},
  year={2002},
  publisher={Elsevier}
}

@article{hornik1989multilayer,
  title={Multilayer feedforward networks are universal approximators},
  author={Hornik, Kurt and Stinchcombe, Maxwell and White, Halbert},
  journal={Neural networks},
  volume={2},
  number={5},
  pages={359--366},
  year={1989},
  publisher={Elsevier}
}

@article{mitchell1997machine,
  title={Machine learning},
  author={Mitchell, Tom M and others},
  year={1997},
  publisher={McGraw-hill New York},
  chapter=10
}

@book{sonka2014image,
  title={Image processing, analysis, and machine vision},
  author={Sonka, Milan and Hlavac, Vaclav and Boyle, Roger},
  year={2014},
  publisher={Cengage Learning},
  chapter=1
}

@article{marr1982vision,
  title={Vision: A computational investigation into the human representation and processing of visual information},
  author={Marr, David},
  year={1982},
  publisher={CUMINCAD}
}

@article{fukushima1988neocognitron,
  title={Neocognitron: A hierarchical neural network capable of visual pattern recognition},
  author={Fukushima, Kunihiko},
  journal={Neural networks},
  volume={1},
  number={2},
  pages={119--130},
  year={1988},
  publisher={Elsevier}
}

@article{hubel1962receptive,
  title={Receptive fields, binocular interaction and functional architecture in the cat's visual cortex},
  author={Hubel, David H and Wiesel, Torsten N},
  journal={The Journal of physiology},
  volume={160},
  number={1},
  pages={106--154},
  year={1962},
  publisher={Wiley Online Library}
}

@inproceedings{ng2002discriminative,
  title={On discriminative vs. generative classifiers: A comparison of logistic regression and naive bayes},
  author={Ng, Andrew Y and Jordan, Michael I},
  booktitle={Advances in neural information processing systems},
  pages={841--848},
  year={2002}
}

@book{vapnik2013nature,
  title={The nature of statistical learning theory},
  author={Vapnik, Vladimir},
  year={2013},
  publisher={Springer science \& business media}
}

@article{kingma2019introduction,
  title={An introduction to variational autoencoders},
  author={Kingma, Diederik P and Welling, Max},
  journal={arXiv preprint arXiv:1906.02691},
  year={2019}
}

 @misc{shafkat2018VAE,
 title={Intuitively Understanding Variational Autoencoders},
 url={https://towardsdatascience.com/intuitively-understanding-variational-autoencoders-1bfe67eb5daf},
 journal={Medium},
 publisher={Towards Data Science},
 author={Shafkat, Irhum},
 year={2018},
 month={Apr}
 } 
 
 @article{goodfellow2014generative,
  title={Generative adversarial networks},
  author={Goodfellow, Ian J and Pouget-Abadie, Jean and Mirza, Mehdi and Xu, Bing and Warde-Farley, David and Ozair, Sherjil and Courville, Aaron and Bengio, Yoshua},
  journal={arXiv preprint arXiv:1406.2661},
  year={2014}
}

@article{salimans2016improved,
  title={Improved techniques for training gans},
  author={Salimans, Tim and Goodfellow, Ian and Zaremba, Wojciech and Cheung, Vicki and Radford, Alec and Chen, Xi},
  journal={arXiv preprint arXiv:1606.03498},
  year={2016}
}

@article{creswell2018generative,
  title={Generative adversarial networks: An overview},
  author={Creswell, Antonia and White, Tom and Dumoulin, Vincent and Arulkumaran, Kai and Sengupta, Biswa and Bharath, Anil A},
  journal={IEEE Signal Processing Magazine},
  volume={35},
  number={1},
  pages={53--65},
  year={2018},
  publisher={IEEE}
}

@inproceedings{bousmalis2017unsupervised,
  title={Unsupervised pixel-level domain adaptation with generative adversarial networks},
  author={Bousmalis, Konstantinos and Silberman, Nathan and Dohan, David and Erhan, Dumitru and Krishnan, Dilip},
  booktitle={Proceedings of the IEEE conference on computer vision and pattern recognition},
  pages={3722--3731},
  year={2017}
}

@article{lecun1989backpropagation,
  title={Backpropagation applied to handwritten zip code recognition},
  author={LeCun, Yann and Boser, Bernhard and Denker, John S and Henderson, Donnie and Howard, Richard E and Hubbard, Wayne and Jackel, Lawrence D},
  journal={Neural computation},
  volume={1},
  number={4},
  pages={541--551},
  year={1989},
  publisher={MIT Press}
}

@inproceedings{yang2011robust,
  title={Robust sparse coding for face recognition},
  author={Yang, Meng and Zhang, Lei and Yang, Jian and Zhang, David},
  booktitle={CVPR 2011},
  pages={625--632},
  year={2011},
  organization={IEEE}
}